@article{EnglischAcademicWriting,
  title={English academic writing for students and researchers},
  author={Yakhontova, Tatyana V},
  journal={Lviv: PAIS},
  year={2003}
}

@article{influencingUsingAi,
title = {What influences college students using AI for academic writing? - A quantitative analysis based on HISAM and TRI theory},
journal = {Computers and Education: Artificial Intelligence},
volume = {8},
pages = {100391},
year = {2025},
issn = {2666-920X},
doi = {https://doi.org/10.1016/j.caeai.2025.100391},
url = {https://www.sciencedirect.com/science/article/pii/S2666920X25000311},
author = {Yulu Cui},
keywords = {AI, Academic writing, Hedonic information systems acceptance model, Technology readiness index, Perceived enjoyment},

}

@article{SelfEfficacyBeliefs,
author = {Floris M. van Blankenstein and Nadira Saab and Roeland M. van der Rijst and Marleen S. Danel and Aaltje S. Bakker-van den Berg and Paul W. van den Broek and},
title = {How do self-efficacy beliefs for academic writing and collaboration and intrinsic motivation for academic writing and research develop during an undergraduate research project?},
journal = {Educational Studies},
volume = {45},
number = {2},
pages = {209--225},
year = {2019},
publisher = {Routledge},
doi = {10.1080/03055698.2018.1446326},
URL = {
    <https://doi.org/10.1080/03055698.2018.1446326>
}
}

@article{humanWritingToAi,
journal={Biology of Sport},
issn={0860-021X},
volume={40},
number={2},
year={2023},
title={From human writing to artificial intelligence generated text: examining the prospects and potential threats of ChatGPT in academic writing},
author={Dergaa, Ismail
and Chamari, Karim
and Zmijewski, Piotr
and Ben Saad, Helmi},
pages={615--622},
doi={10.5114/biolsport.2023.125623},
url={http://dx.doi.org/10.5114/biolsport.2023.125623}
}

@article{creativeWriting,
title={Creative Writing with an AI-Powered Writing Assistant: Perspectives from Professional Writers},
author={Daphne Ippolito and Ann Yuan and Andy Coenen and Sehmon Burnam},
year={2022},
eprint={2211.05030},
archivePrefix={arXiv},
primaryClass={cs.HC},
url={https://arxiv.org/abs/2211.05030},
}

@article{writingSelfBeliefs,
  title={Gender differences in writing self-beliefs of elementary school students.},
  author={Pajares, Frank and Miller, M David and Johnson, Margaret J},
  journal={Journal of educational Psychology},
  volume={91},
  number={1},
  pages={50},
  year={1999},
  publisher={American Psychological Association}
}

@article{writingSelfBeliefsMiddleSchool,
  title={Grade level and gender differences in the writing self-beliefs of middle school students},
  author={Pajares, Frank and Valiante, Giovanni},
  journal={Contemporary educational psychology},
  volume={24},
  number={4},
  pages={390--405},
  year={1999},
  publisher={Elsevier}
}